%################################################## new  ref
%################INTRODUCTION##########################
@article{karimkhani2017global,
  title={The global burden of melanoma: results from the Global Burden of Disease Study 2015},
  author={Karimkhani, Chante and Green, Ad{\`e}le C and Nijsten, Tamar and Weinstock, Martin A and Dellavalle, Robert P and Naghavi, Morteza and Fitzmaurice, Christina},
  journal={British Journal of Dermatology},
  volume={177},
  number={1},
  pages={134--140},
  year={2017},
  publisher={Wiley Online Library}
}
@article{narayanan2010ultraviolet,
  title={Ultraviolet radiation and skin cancer},
  author={Narayanan, Deevya L and Saladi, Rao N and Fox, Joshua L},
  journal={International journal of dermatology},
  volume={49},
  number={9},
  pages={978--986},
  year={2010},
  publisher={Wiley Online Library}
}
@article{world2022international,
  title={International agency for research on cancer},
  author={World Health Organization and others},
  year={2022}
}

@article{co2022american,
  title={American cancer society.  Cancer Facts $\&$ Figures 2022},
  %author={Cokkinides, V and Albano, J and Samuels, A and Ward, M and Thum, J},
  journal={Atlanta: American Cancer Society},
  year={2022}
}

@article{iqbal2021automated,
  title={Automated multi-class classification of skin lesions through deep convolutional neural network with dermoscopic images},
  author={Iqbal, Imran and Younus, Muhammad and Walayat, Khuram and Kakar, Mohib Ullah and Ma, Jinwen},
  journal={Computerized medical imaging and graphics},
  volume={88},
  pages={101843},
  year={2021},
  publisher={Elsevier}
}

@article{hosny2022refined,
  title={Refined residual deep convolutional network for skin lesion classification},
  author={Hosny, Khalid M and Kassem, Mohamed A},
  journal={Journal of Digital Imaging},
  volume={35},
  number={2},
  pages={258--280},
  year={2022},
  publisher={Springer}
}
@article{tang2020gp,
  title={GP-CNN-DTEL: Global-part CNN model with data-transformed ensemble learning for skin lesion classification},
  author={Tang, Peng and Liang, Qiaokang and Yan, Xintong and Xiang, Shao and Zhang, Dan},
  journal={IEEE journal of biomedical and health informatics},
  volume={24},
  number={10},
  pages={2870--2882},
  year={2020},
  publisher={IEEE}
}
@article{cassidy2022analysis,
  title={Analysis of the ISIC image datasets: usage, benchmarks and recommendations},
  author={Cassidy, Bill and Kendrick, Connah and Brodzicki, Andrzej and Jaworek-Korjakowska, Joanna and Yap, Moi Hoon},
  journal={Medical Image Analysis},
  volume={75},
  pages={102305},
  year={2022},
  publisher={Elsevier}
}
@inproceedings{di2015web,
  title={A web-based application for dermoscopic measurements and learning},
  author={Di Leo, Giuseppe and Liguori, Consolatina and Paolillo, Alfredo and Sommella, Paolo},
  booktitle={2015 IEEE International Symposium on Medical Measurements and Applications (MeMeA) Proceedings},
  pages={279--284},
  year={2015},
  organization={IEEE}
}
@article{pacheco2020impact,
  title={The impact of patient clinical information on automated skin cancer detection},
  author={Pacheco, Andre GC and Krohling, Renato A},
  journal={Computers in biology and medicine},
  volume={116},
  pages={103545},
  year={2020},
  publisher={Elsevier}
}
@article{argenziano2001dermoscopy,
  title={Dermoscopy of pigmented skin lesions--a valuable tool for early},
  author={Argenziano, Giuseppe and Soyer, H Peter},
  journal={The lancet oncology},
  volume={2},
  number={7},
  pages={443--449},
  year={2001},
  publisher={Elsevier}
}
@article{yu2016automated,
  title={Automated melanoma recognition in dermoscopy images via very deep residual networks},
  author={Yu, Lequan and Chen, Hao and Dou, Qi and Qin, Jing and Heng, Pheng-Ann},
  journal={IEEE transactions on medical imaging},
  volume={36},
  number={4},
  pages={994--1004},
  year={2016},
  publisher={IEEE}
}
@article{nie2022recent,
  title={Recent Advances in Diagnosis of Skin Lesions using Dermoscopic Images based on Deep Learning},
  author={Nie, Yali and Sommella, Paolo and Carrat{\`u}, Marco and Ferro, Matteo and Oâ€™nils, Mattias and Lundgren, Jan},
  journal={IEEE Access},
  year={2022},
  publisher={IEEE}
}
@article{chao2017smartphone,
  title={Smartphone-based applications for skin monitoring and melanoma detection},
  author={Chao, Elizabeth and Meenan, Chelsea K and Ferris, Laura K},
  journal={Dermatologic clinics},
  volume={35},
  number={4},
  pages={551--557},
  year={2017},
  publisher={Elsevier}
}
@article{ngoo2018fighting,
  title={Fighting melanoma with smartphones: A snapshot of where we are a decade after app stores opened their doors},
  author={Ngoo, Alexander and Finnane, Anna and McMeniman, Erin and Soyer, H Peter and Janda, Monika},
  journal={International journal of medical informatics},
  volume={118},
  pages={99--112},
  year={2018},
  publisher={Elsevier}
}
@article{haenssle2018man,
  title={Man against machine: diagnostic performance of a deep learning convolutional neural network for dermoscopic melanoma recognition in comparison to 58 dermatologists},
  author={Haenssle, Holger A and Fink, Christine and Schneiderbauer, Roland and Toberer, Ferdinand and Buhl, Timo and Blum, Andreas and Kalloo, A and Hassen, A Ben Hadj and Thomas, Luc and Enk, A and others},
  journal={Annals of oncology},
  volume={29},
  number={8},
  pages={1836--1842},
  year={2018},
  publisher={Elsevier}
}
@article{esteva2017dermatologist,
  title={Dermatologist-level classification of skin cancer with deep neural networks},
  author={Esteva, Andre and Kuprel, Brett and Novoa, Roberto A and Ko, Justin and Swetter, Susan M and Blau, Helen M and Thrun, Sebastian},
  journal={nature},
  volume={542},
  number={7639},
  pages={115--118},
  year={2017},
  publisher={Nature Publishing Group}
}
@article{gutman2016skin,
  title={Skin lesion analysis toward melanoma detection: A challenge at the international symposium on biomedical imaging (ISBI) 2016, hosted by the international skin imaging collaboration (ISIC)},
  author={Gutman, David and Codella, Noel CF and Celebi, Emre and Helba, Brian and Marchetti, Michael and Mishra, Nabin and Halpern, Allan},
  journal={arXiv preprint arXiv:1605.01397},
  year={2016}
}
@article{navarrete2018automated,
  title={Automated dermatological diagnosis: hype or reality?},
  author={Navarrete-Dechent, Cristian and Dusza, Stephen W and Liopyris, Konstantinos and Marghoob, Ashfaq A and Halpern, Allan C and Marchetti, Michael A},
  journal={The Journal of investigative dermatology},
  volume={138},
  number={10},
  pages={2277},
  year={2018},
  publisher={NIH Public Access}
}
@article{wolff2009fitzpatrick,
  title={Fitzpatrick's color atlas and synopsis of clinical dermatology},
  author={Wolff, Klaus and Johnson, Richard C and Saavedra, Arturo and Roh, Ellen K},
  journal={McGraw Hill Professional},
  year={2017},
  publisher={McGraw Hill Professional}
}
@article{esteva2017dermatologist,
  title={Dermatologist-level classification of skin cancer with deep neural networks},
  author={Esteva, Andre and Kuprel, Brett and Novoa, Roberto A and Ko, Justin and Swetter, Susan M and Blau, Helen M and Thrun, Sebastian},
  journal={nature},
  volume={542},
  number={7639},
  pages={115--118},
  year={2017},
  publisher={Nature Publishing Group}
}
@inproceedings{menegola2017knowledge,
  title={Knowledge transfer for melanoma screening with deep learning},
  author={Menegola, Afonso and Fornaciali, Michel and Pires, Ramon and Bittencourt, Fl{\'a}via Vasques and Avila, Sandra and Valle, Eduardo},
  booktitle={2017 IEEE 14th international symposium on biomedical imaging (ISBI 2017)},
  pages={297--300},
  year={2017},
  organization={IEEE}
}
@article{russakovsky2015imagenet,
  title={Imagenet large scale visual recognition challenge},
  author={Russakovsky, Olga and Deng, Jia and Su, Hao and Krause, Jonathan and Satheesh, Sanjeev and Ma, Sean and Huang, Zhiheng and Karpathy, Andrej and Khosla, Aditya and Bernstein, Michael and others},
  journal={International journal of computer vision},
  volume={115},
  number={3},
  pages={211--252},
  year={2015},
  publisher={Springer}
}
@misc{haris_iqbal_2018_2526396,
  author       = {Haris Iqbal},
  title        = {HarisIqbal88/PlotNeuralNet v1.0.0},
  month        = dec,
  year         = 2018,
  doi          = {10.5281/zenodo.2526396},
  url          = {https://doi.org/10.5281/zenodo.2526396}
}
@article{codella2019skin,
  title={Skin lesion analysis toward melanoma detection 2018: A challenge hosted by the international skin imaging collaboration (isic)},
  author={Codella, Noel and Rotemberg, Veronica and Tschandl, Philipp and Celebi, M Emre and Dusza, Stephen and Gutman, David and Helba, Brian and Kalloo, Aadi and Liopyris, Konstantinos and Marchetti, Michael and others},
  journal={arXiv preprint arXiv:1902.03368},
  year={2019}
}
@article{tschandl2018ham10000,
  title={The HAM10000 dataset, a large collection of multi-source dermatoscopic images of common pigmented skin lesions},
  author={Tschandl, Philipp and Rosendahl, Cliff and Kittler, Harald},
  journal={Scientific data},
  volume={5},
  number={1},
  pages={1--9},
  year={2018},
  publisher={Nature Publishing Group}
}
@inproceedings{codella2018skin,
  title={Skin lesion analysis toward melanoma detection: A challenge at the 2017 international symposium on biomedical imaging (isbi), hosted by the international skin imaging collaboration (isic)},
  author={Codella, Noel CF and Gutman, David and Celebi, M Emre and Helba, Brian and Marchetti, Michael A and Dusza, Stephen W and Kalloo, Aadi and Liopyris, Konstantinos and Mishra, Nabin and Kittler, Harald and others},
  booktitle={2018 IEEE 15th international symposium on biomedical imaging (ISBI 2018)},
  pages={168--172},
  year={2018},
  organization={IEEE}
}
@article{argenziano2000interactive,
  title={Interactive atlas of dermoscopy},
  author={Argenziano, Giuseppe and Soyer, H Peter and De Giorgio, Vincenzo and Piccolo, Domenico and Carli, Paolo and Delfino, Mario and Ferrari, Angela and Hofmann-Wellenhof, Rainer and Massi, Daniela and Mazzocchetti, Giampero and others},
  journal={EDRA Medical Publishing \& New Media},
  year={2000},
  publisher={EDRA Medical Publishing \& New Media}
}
@article{han2018classification,
  title={Classification of the clinical images for benign and malignant cutaneous tumors using a deep learning algorithm},
  author={Han, Seung Seog and Kim, Myoung Shin and Lim, Woohyung and Park, Gyeong Hun and Park, Ilwoo and Chang, Sung Eun},
  journal={Journal of Investigative Dermatology},
  volume={138},
  number={7},
  pages={1529--1538},
  year={2018},
  publisher={Elsevier}
}
@article{varoquaux2022machine,
  title={Machine learning for medical imaging: methodological failures and recommendations for the future},
  author={Varoquaux, Ga{\"e}l and Cheplygina, Veronika},
  journal={NPJ digital medicine},
  volume={5},
  number={1},
  pages={1--8},
  year={2022},
  publisher={Nature Publishing Group}
}
@article{krizhevsky2017imagenet,
  title={Imagenet classification with deep convolutional neural networks},
  author={Krizhevsky, Alex and Sutskever, Ilya and Hinton, Geoffrey E},
  journal={Communications of the ACM},
  volume={60},
  number={6},
  pages={84--90},
  year={2017},
  publisher={AcM New York, NY, USA}
}
@article{simonyan2014very,
  title={Very deep convolutional networks for large-scale image recognition},
  author={Simonyan, Karen and Zisserman, Andrew},
  journal={arXiv preprint arXiv:1409.1556},
  year={2014}
}
@inproceedings{szegedy2015going,
  title={Going deeper with convolutions},
  author={Szegedy, Christian and Liu, Wei and Jia, Yangqing and Sermanet, Pierre and Reed, Scott and Anguelov, Dragomir and Erhan, Dumitru and Vanhoucke, Vincent and Rabinovich, Andrew},
  booktitle={Proceedings of the IEEE conference on computer vision and pattern recognition},
  pages={1--9},
  year={2015}
}
@inproceedings{he2016deep,
  title={Deep residual learning for image recognition},
  author={He, Kaiming and Zhang, Xiangyu and Ren, Shaoqing and Sun, Jian},
  booktitle={Proceedings of the IEEE conference on computer vision and pattern recognition},
  pages={770--778},
  year={2016}
}
@article{esteva2017dermatologist,
  title={Dermatologist-level classification of skin cancer with deep neural networks},
  author={Esteva, Andre and Kuprel, Brett and Novoa, Roberto A and Ko, Justin and Swetter, Susan M and Blau, Helen M and Thrun, Sebastian},
  journal={nature},
  volume={542},
  number={7639},
  pages={115--118},
  year={2017},
  publisher={Nature Publishing Group}
}
@article{umbaugh1993automatic,
  title={Automatic color segmentation algorithms-with application to skin tumor feature identification},
  author={Umbaugh, Scott E and Moss, Randy H and Stoecker, William V and Hance, Gregory A},
  journal={IEEE Engineering in Medicine and Biology Magazine},
  volume={12},
  number={3},
  pages={75--82},
  year={1993},
  publisher={IEEE}
}
@article{ercal1994neural,
  title={Neural network diagnosis of malignant melanoma from color images},
  author={Ercal, Fikret and Chawla, Anurag and Stoecker, William V and Lee, Hsi-Chieh and Moss, Randy H},
  journal={IEEE Transactions on biomedical engineering},
  volume={41},
  number={9},
  pages={837--845},
  year={1994},
  publisher={IEEE}
}
@article{green1994computer,
  title={Computer image analysis in the diagnosis of melanoma},
  author={Green, Adele and Martin, Nicholas and Pfitzner, John and Oâ€™Rourke, Michael and Knight, Ngaire},
  journal={Journal of the American Academy of Dermatology},
  volume={31},
  number={6},
  pages={958--964},
  year={1994},
  publisher={Elsevier}
}
@inproceedings{di2010automatic,
  title={Automatic diagnosis of melanoma: a software system based on the 7-point check-list},
  author={Di Leo, Giuseppe and Paolillo, Alfredo and Sommella, Paolo and Fabbrocini, G},
  booktitle={2010 43rd Hawaii international conference on system sciences},
  pages={1--10},
  year={2010},
  organization={IEEE}
}
@article{rigel2005abcde,
  title={ABCDEâ€”an evolving concept in the early detection of melanoma},
  author={Rigel, Darrell S and Friedman, Robert J and Kopf, Alfred W and Polsky, David},
  journal={Archives of dermatology},
  volume={141},
  number={8},
  pages={1032--1034},
  year={2005},
  publisher={American Medical Association}
}
@article{yu2016automated,
  title={Automated melanoma recognition in dermoscopy images via very deep residual networks},
  author={Yu, Lequan and Chen, Hao and Dou, Qi and Qin, Jing and Heng, Pheng-Ann},
  journal={IEEE transactions on medical imaging},
  volume={36},
  number={4},
  pages={994--1004},
  year={2016},
  publisher={IEEE}
}
@article{lin2020comparison,
  title={Comparison of handcrafted features and convolutional neural networks for liver MR image adequacy assessment},
  author={Lin, Wenyi and Hasenstab, Kyle and Moura Cunha, Guilherme and Schwartzman, Armin},
  journal={Scientific Reports},
  volume={10},
  number={1},
  pages={1--11},
  year={2020},
  publisher={Nature Publishing Group}
}
@article{eskandari2022frailty,
  title={Frailty identification using heart rate dynamics: A deep learning approach},
  author={Eskandari, Maryam and Parvaneh, Saman and Ehsani, Hossein and Fain, Mindy and Toosizadeh, Nima},
  journal={IEEE Journal of Biomedical and Health Informatics},
  volume={26},
  number={7},
  pages={3409--3417},
  year={2022},
  publisher={IEEE}
}
@inproceedings{azeem2021covid,
  title={COVID-19 Detection via Image Classification using Deep Learning on Chest X-Ray},
  author={Azeem, Mohammad Ayyaz and Khan, Muhammad Irfan and Khan, Suleiman A},
  booktitle={2021 Ethics and Explainability for Responsible Data Science (EE-RDS)},
  pages={1--4},
  year={2021},
  organization={IEEE}
}
@article{romo2020end,
  title={End-to-end deep learning model for predicting treatment requirements in neovascular AMD from longitudinal retinal OCT imaging},
  author={Romo-Bucheli, David and Erfurth, Ursula Schmidt and Bogunovi{\'c}, Hrvoje},
  journal={IEEE Journal of Biomedical and Health Informatics},
  volume={24},
  number={12},
  pages={3456--3465},
  year={2020},
  publisher={IEEE}
}
@article{vaswani2017attention,
  title={Attention is all you need},
  author={Vaswani, Ashish and Shazeer, Noam and Parmar, Niki and Uszkoreit, Jakob and Jones, Llion and Gomez, Aidan N and Kaiser, {\L}ukasz and Polosukhin, Illia},
  journal={Advances in neural information processing systems},
  volume={30},
  year={2017}
}
@article{dosovitskiy2020image,
  title={An image is worth 16x16 words: Transformers for image recognition at scale},
  author={Dosovitskiy, Alexey and Beyer, Lucas and Kolesnikov, Alexander and Weissenborn, Dirk and Zhai, Xiaohua and Unterthiner, Thomas and Dehghani, Mostafa and Minderer, Matthias and Heigold, Georg and Gelly, Sylvain and others},
  journal={arXiv preprint arXiv:2010.11929},
  year={2020}
}
@inproceedings{di2004elm,
  title={ELM image processing for melanocytic skin lesion diagnosis based on 7-point checklist: a preliminary discussion},
  author={Di Leo, G and Fabbrocini, G and Liguori, C and Pietrosanto, A and Sclavenzi, M},
  booktitle={Proc. Int. Symp. Meas. for Res. and Ind. Appl., E. Kayafas and V. Loumos, Eds. Budapest, Hungary: IMEKO},
  pages={474--479},
  year={2004}
}
@Misc{timmurphy.org,
howpublished = {[EB/OL]},
note = {\url{https://paperswithcode.com/sota/image-classification-on-imagenet/} Accessed Dec. 8, 2022},
title = {Image Classification on ImageNet},
%author = {Papers With Code}
}
@article{bommasani2021opportunities,
  title={On the opportunities and risks of foundation models},
  author={Bommasani, Rishi and Hudson, Drew A and Adeli, Ehsan and Altman, Russ and Arora, Simran and von Arx, Sydney and Bernstein, Michael S and Bohg, Jeannette and Bosselut, Antoine and Brunskill, Emma and others},
  journal={arXiv preprint arXiv:2108.07258},
  year={2021}
}
@article{brown2020language,
  title={Language models are few-shot learners},
  author={Brown, Tom and Mann, Benjamin and Ryder, Nick and Subbiah, Melanie and Kaplan, Jared D and Dhariwal, Prafulla and Neelakantan, Arvind and Shyam, Pranav and Sastry, Girish and Askell, Amanda and others},
  journal={Advances in neural information processing systems},
  volume={33},
  pages={1877--1901},
  year={2020}
}

@Misc{whattran,
howpublished = {[EB/OL]},
note = {\url{https://blogs.nvidia.com/blog/2022/03/25/what-is-a-transformer-model/} Accessed Dec. 11, 2022},
title = {What Is a Transformer Model?},
author = {Rick Merritt}
}

@article{brinker2019deep,
  title={Deep learning outperformed 136 of 157 dermatologists in a head-to-head dermoscopic melanoma image classification task},
  author={Brinker, Titus J and Hekler, Achim and Enk, Alexander H and Klode, Joachim and Hauschild, Axel and Berking, Carola and Schilling, Bastian and Haferkamp, Sebastian and Schadendorf, Dirk and Holland-Letz, Tim and others},
  journal={European Journal of Cancer},
  volume={113},
  pages={47--54},
  year={2019},
  publisher={Elsevier}
}
@inproceedings{guergueb2022skin,
  title={Skin Cancer Detection using Ensemble Learning and Grouping of Deep Models},
  author={Guergueb, Takfarines and Akhloufi, Moulay A},
  booktitle={Proceedings of the 19th International Conference on Content-based Multimedia Indexing},
  pages={121--125},
  year={2022}
}
@article{rahman2021approach,
  title={An approach for multiclass skin lesion classification based on ensemble learning},
  author={Rahman, Zillur and Hossain, Md Sabir and Islam, Md Rabiul and Hasan, Md Mynul and Hridhee, Rubaiyat Alim},
  journal={Informatics in Medicine Unlocked},
  volume={25},
  pages={100659},
  year={2021},
  publisher={Elsevier}
}
@article{ding2022two,
  title={Two-Stage Deep Neural Network via Ensemble Learning for Melanoma Classification},
  author={Ding, Jiaqi and Song, Jie and Li, Jiawei and Tang, Jijun and Guo, Fei},
  journal={Frontiers in Bioengineering and Biotechnology},
  volume={9},
  pages={1355},
  year={2022},
  publisher={Frontiers}
}
@article{kausar2021multiclass,
  title={Multiclass Skin Cancer Classification Using Ensemble of Fine-Tuned Deep Learning Models},
  author={Kausar, Nabeela and Hameed, Abdul and Sattar, Mohsin and Ashraf, Ramiza and Imran, Ali Shariq and Abidin, Muhammad Zain ul and Ali, Ammara},
  journal={Applied Sciences},
  volume={11},
  number={22},
  pages={10593},
  year={2021},
  publisher={MDPI}
}
@article{shorfuzzaman2022explainable,
  title={An explainable stacked ensemble of deep learning models for improved melanoma skin cancer detection},
  author={Shorfuzzaman, Mohammad},
  journal={Multimedia Systems},
  volume={28},
  number={4},
  pages={1309--1323},
  year={2022},
  publisher={Springer}
}
@article{mahbod2020transfer,
  title={Transfer learning using a multi-scale and multi-network ensemble for skin lesion classification},
  author={Mahbod, Amirreza and Schaefer, Gerald and Wang, Chunliang and Dorffner, Georg and Ecker, Rupert and Ellinger, Isabella},
  journal={Computer methods and programs in biomedicine},
  volume={193},
  pages={105475},
  year={2020},
  publisher={Elsevier}
}
@article{li2020cnn,
  title={A CNN-transformer hybrid approach for crop classification using multitemporal multisensor images},
  author={Li, Zhengtao and Chen, Guokun and Zhang, Tianxu},
  journal={IEEE Journal of Selected Topics in Applied Earth Observations and Remote Sensing},
  volume={13},
  pages={847--858},
  year={2020},
  publisher={IEEE}
}
@article{cordonnier2019relationship,
  title={On the relationship between self-attention and convolutional layers},
  author={Cordonnier, Jean-Baptiste and Loukas, Andreas and Jaggi, Martin},
  journal={arXiv preprint arXiv:1911.03584},
  year={2019}
}
@article{yu2022coca,
  title={Coca: Contrastive captioners are image-text foundation models},
  author={Yu, Jiahui and Wang, Zirui and Vasudevan, Vijay and Yeung, Legg and Seyedhosseini, Mojtaba and Wu, Yonghui},
  journal={arXiv preprint arXiv:2205.01917},
  year={2022}
}
@article{goodfellow2020generative,
  title={Generative adversarial networks},
  author={Goodfellow, Ian and Pouget-Abadie, Jean and Mirza, Mehdi and Xu, Bing and Warde-Farley, David and Ozair, Sherjil and Courville, Aaron and Bengio, Yoshua},
  journal={Communications of the ACM},
  volume={63},
  number={11},
  pages={139--144},
  year={2020},
  publisher={ACM New York, NY, USA}
}
@article{gutman2016skin,
  title={Skin lesion analysis toward melanoma detection: A challenge at the international symposium on biomedical imaging (ISBI) 2016, hosted by the international skin imaging collaboration (ISIC)},
  author={Gutman, David and Codella, Noel CF and Celebi, Emre and Helba, Brian and Marchetti, Michael and Mishra, Nabin and Halpern, Allan},
  journal={arXiv preprint arXiv:1605.01397},
  year={2016}
}
@inproceedings{redmon2016you,
  title={You only look once: Unified, real-time object detection},
  author={Redmon, Joseph and Divvala, Santosh and Girshick, Ross and Farhadi, Ali},
  booktitle={Proceedings of the IEEE conference on computer vision and pattern recognition},
  pages={779--788},
  year={2016}
}